<?xml version="1.0" encoding="UTF-8"?><collection><record><leader>09835ntm a2200733 a 4500</leader><controlfield tag="001">006818819</controlfield><controlfield tag="003">MiAaHDL</controlfield><controlfield tag="005">20190719000000.0</controlfield><controlfield tag="006">m        d        </controlfield><controlfield tag="007">cr bn ---auaua</controlfield><controlfield tag="008">090615q17701820xx            00| ||ota d</controlfield><datafield tag="035" ind1=" " ind2=" "><subfield code="a">(MiU)006818819</subfield></datafield><datafield tag="035" ind1=" " ind2=" "><subfield code="a">sdr-miu006818819</subfield></datafield><datafield tag="040" ind1=" " ind2=" "><subfield code="a">MiU</subfield><subfield code="c">MiU</subfield><subfield code="e">amremm</subfield></datafield><datafield tag="041" ind1="0" ind2=" "><subfield code="a">ota</subfield></datafield><datafield tag="043" ind1=" " ind2=" "><subfield code="a">n-us-mi</subfield></datafield><datafield tag="100" ind1="0" ind2=" "><subfield code="6">880-01</subfield><subfield code="a">Ebu İshak İsmail Efendizade Mehmet Esat Efendi,</subfield><subfield code="d">d.1752 or 3.</subfield></datafield><datafield tag="245" ind1="1" ind2="0"><subfield code="6">880-03</subfield><subfield code="a">[Hulasatü't-tebyin fi tefsiri Suret Yasin ...etc.,</subfield><subfield code="f">late 18th or early 19th century?].</subfield></datafield><datafield tag="246" ind1="3" ind2=" "><subfield code="a">Tefsir-i Sure-yi Yasin</subfield></datafield><datafield tag="246" ind1="3" ind2="0"><subfield code="a">Khulāṣat al-tabyīn fī tafsīr Sūrat Yāsīn</subfield></datafield><datafield tag="246" ind1="3" ind2=" "><subfield code="i">Title from colophon (p.242):</subfield><subfield code="a">خلاصه التبيين في تفسير سورة يس</subfield></datafield><datafield tag="246" ind1="3" ind2=" "><subfield code="i">Edge title (tail):</subfield><subfield code="a">خلاصة التبيين تقسير</subfield></datafield><datafield tag="260" ind1=" " ind2=" "><subfield code="c">[1770-1820?].</subfield></datafield><datafield tag="300" ind1=" " ind2=" "><subfield code="a">152 leaves :</subfield><subfield code="b">paper ;</subfield><subfield code="c">215 x 135 (150 x 70) mm.</subfield></datafield><datafield tag="500" ind1=" " ind2=" "><subfield code="a">Shelfmark: Ann Arbor, University of Michigan, Special Collections Library, Isl. Ms. 368</subfield></datafield><datafield tag="500" ind1=" " ind2=" "><subfield code="a">Origin: Lacks dated colophon ; hand, paper, etc. suggest late 18th or possibly early 19th century.</subfield></datafield><datafield tag="500" ind1=" " ind2=" "><subfield code="a">Former shelfmark: "346 T. D. M. [T. Dell ?]" inscribed in pencil on recto of opening leaf (p.1) ; "243" inscribed in pencil on 'title page' (p.3).</subfield></datafield><datafield tag="500" ind1=" " ind2=" "><subfield code="a">Binding: Pasteboards covered in red brown leather with red leather over spine ; Type II binding (with flap) ; board linings in red laid paper ; upper and lower covers carry blind-stamped mandorla filled with vegetal composition (compare Déroche class OSd 1) with pendants and tooled border consisting of a heavy gold band in a series of s-shape stamps flanked by two thin gold fillets inside and outside ; sewn in yellow thread, two stations ; worked endbands in red and yellow thread in a chevron pattern ; overall in fair condition with some abrasion and lifting of leather on the hinges.</subfield></datafield><datafield tag="500" ind1=" " ind2=" "><subfield code="a">Support: European laid paper with roughly 8 laid lines per cm. (mainly vertical), chain lines (horizontal or vertical) spaced roughly 25 mm. apart, and watermark only faintly visible at gutter (very tightly bound, see p.244, 298, 300, etc.) ; well-burnished ; thin and crisp.</subfield></datafield><datafield tag="500" ind1=" " ind2=" "><subfield code="a">Decoration: Elegant illuminated headpiece (ʻunwān / sarlawḥ) at opening of Hulasatü't-tebyin on p.4 consisting of a rectangular piece with cartouche outlined in gold carrying the ḥamdalah in black ink, surmounted by a gold rectangular piece with a cartouche carrying the title in red ink, itself surmounted by a scalloped semi-circular piece (dome) filled with floral and vegetal designs in orange, red, pale purple, blue, yellow, and pale green, all set in a well consisting of thick orange and blue bands and surmounted by vertical stalks (tīgh) in blue ; simple illuminated headpieces at opening of second work (p.246) and third work (p.268) each consisting of a scalloped semi-circular piece (dome) with floral motifs and surmounting tīgh all in gold ; written area surrounded by a thick gold band outlined in black with outer fillets of black and red ; textual dividers in gold discs and red inverted commas ; Qurʼānic excerpts overlined in red.</subfield></datafield><datafield tag="500" ind1=" " ind2=" "><subfield code="a">Script: Naskh ; neat, compact Turkish hand in a thin line ; serifless with slight inclination to the left, curvilnear descenders, kāf mashqūqah preferred, Qurʼānic passages vocalized ; excerpt on pp.243-244 in a different hand.</subfield></datafield><datafield tag="500" ind1=" " ind2=" "><subfield code="a">Layout: Written in 23 lines per page ; frame-ruled.</subfield></datafield><datafield tag="500" ind1=" " ind2=" "><subfield code="a">Collation: VI (12), 14 V(304) ; opening senion followed by quinions ; leaves between works left blank ; oblique catchwords on the verso of each leaf ; pagination in pencil, Western numerals, supplied during cataloging.</subfield></datafield><datafield tag="500" ind1=" " ind2=" "><subfield code="a">Colophon: [Hulasatü't-tebyin] Authorial, reads "غب هذا اشبو خلاصة التبيين في تفسير سورة يس ايله نام زد اولان كتاب كزين تاريخ رنتم و تزبار عقبنده كى عدد تامك اول ثلث ثانيسنك آخرى سنه سنده بعون الله الملك العلام رسيدۀ حسن ختام اولدى م" ; [Tefsir Âyetü'l-Kürsî] Authorial, reads "لقد كمل ما نمقته في هذه الكراسه بالاعتماد علي اقوا من هو الراقي الي رتبه الاستاد في بلده هي صيغه المصدر لفعل الجهاد ... تو ضيحه ان تاريخ الختام هى الغاية الحاوية ... وبهذا النمط يعلم المدد خذ هذا التوضيح وكن به فريحا م" ; [Nasriye] Authorial, reads "اشبو اسم نصريه ايله مسمى اولان رسالۀ فاخره تاريخ رسول اكرم ونبى محترم صلى الله عليه و سلم حضرتلرينك الف ثانيسنك ثانئ مات عشره سنك جزؤ اخير عشرات خامسه سنك اجزاي اثلاث اربعه سندن ثلث ثالثنك ثانئ احاد اسبوعنك ارباع سته سنك اخر ربع ثانيسي كه يوم احدك قبيل وقت عصرنده تمام و بو كونه توريخ نوين ايله رسيدۀ حسن تدوين اولدى والحمد لله رب العالمين والصلوة على رسوله الامين وآله وصحبه اجمعين آمين تم"</subfield></datafield><datafield tag="500" ind1=" " ind2=" "><subfield code="a">Explicit: [Hulasatü't-tebyin] "و عنايت ايليوب انوار قلب قران ايله قلوبمزي منور ايليه بجاه طمويس عليه افضل صلوات الله الملك المعين" ; [Tefsir-i Âyetü'l-Kürsî] "وصلى الله على من هو حبيبه ورسوله وعلي الال والاصحاب والتابعين رضوان الله تعالى عليهم اجمعين" ; [Nasriye] "بيوريلورسه سر افتخارم فلك الافلاكه برابراولمق امر مقدردر وما ذلك على الله بعزيز ... اسئلك اللهم غبطا لاهبطا"</subfield></datafield><datafield tag="500" ind1=" " ind2=" "><subfield code="a">Incipit: [Hulasatü't-tebyin] "سبحان من سلخ من ليل البشرية نهار الروحانية ثم قدر لقمر القلب منازل العرفان مستفيضا من شمس نور الرحمانية ..." ; [Tefsir-i Âyetü'l-Kürsî] "حمد بيقياس وبيحد وشكر وسپاس لا يعد من الازل الى الابد اول آفريده كار ششن جهت وزمين و آسمان ... بعد هذا بو عبد حقير كثير العصيان محمد اسعد ناتوان استدعاى اخوان خلان ايله اعظم آيات فرقان عظيم الشان اولان آية كرسينك تفسيرينى وفضائل جليله وجزيله سنى لسان تركى ايله تعبير وتحرير وحسب الطاقة تقريره شروع وابتدا ايلدم بسم الله الرحمن الرحيم ..." ; [Nasriye] "حمد وثناء بيقياس وهزار وهزار [كذا] درود وسپاس پاروچۀ آفريدن و تكيونده طينت ستوده هيئت ادمى ... بو نعمت وعنايتى تحديث ايجون بدايت قرآن كريمدن نهايتنه دكين ذكر كروۀ جناب رب الارباب اولان آيات نصر وظفرى مع قلة البضاعة وقصر الباعة جمع وترقيم واسم نصريه ايله تسميه وتوسيم ايدوب ..."</subfield></datafield><datafield tag="500" ind1=" " ind2=" "><subfield code="a">Title from illuminated headpiece at opening (p.4).</subfield></datafield><datafield tag="500" ind1=" " ind2=" "><subfield code="a">Ms. codex.</subfield></datafield><datafield tag="505" ind1="0" ind2=" "><subfield code="a">6. p.268-p.302 : Nasriye / Ebu İshak Efendizade Mehmet Esat Efendi.</subfield></datafield><datafield tag="505" ind1="0" ind2=" "><subfield code="a">5. p.262-p.267 : [blank].</subfield></datafield><datafield tag="505" ind1="0" ind2=" "><subfield code="a">4. p. 246-p.261 : [Tefsir-i Âyetü'l-Kürsî] / Ebu İshak Efendizade Mehmet Esat Efendi.</subfield></datafield><datafield tag="505" ind1="0" ind2=" "><subfield code="a">3. p.245 : [blank].</subfield></datafield><datafield tag="505" ind1="0" ind2=" "><subfield code="a">2. p.243-p.244 : [excerpt from Tafsīr Rūḥ al-bayān of Bursalı İsmail Hakkı].</subfield></datafield><datafield tag="505" ind1="0" ind2=" "><subfield code="a">1. p.4-p.242 : Hulasatü't-tebyin fi tefsir-i Suret Yasin / Ebu İshak Efendizade Mehmet Esat Efendi.</subfield></datafield><datafield tag="510" ind1="4" ind2=" "><subfield code="a">Fihris al-makhṭūṭāt al-Turkīyah al-ʻUthmānīyah allatī iqtanatʹhā Dār al-Kutub al-Qawmīyah mundhu ʻām 1870 ḥattá nihāyat 1980,</subfield><subfield code="c">v. 4, p.217, no.4924</subfield></datafield><datafield tag="510" ind1="4" ind2=" "><subfield code="a">Fihris al-makhṭūṭāt al-Turkīyah al-ʻUthmānīyah allatī iqtanatʹhā Dār al-Kutub al-Qawmīyah mundhu ʻām 1870 ḥattá nihāyat 1980,</subfield><subfield code="c">v. 1, p.288, no.1106</subfield></datafield><datafield tag="510" ind1="4" ind2=" "><subfield code="a">Bursalı Mehmet Tahir. Osmanlı müellifleri (1971),</subfield><subfield code="c">v.1, p.238 (ESAD MUHAMMED EFENDİ)</subfield></datafield><datafield tag="520" ind1="8" ind2=" "><subfield code="a">Elegant copy of a collection (mecmua / majmūʻah) of three works of tafsīr by the Ottoman şeyhülislâm Mehmet Esat Efendi (d.1752 or 3) son of Șeyhülislâm Ebu İshak İsmâil. Descriptive contributions from Nick Krabbenhoeft.</subfield></datafield><datafield tag="538" ind1=" " ind2=" "><subfield code="a">Mode of access: Internet.</subfield></datafield><datafield tag="541" ind1=" " ind2=" "><subfield code="c">Purchase ;</subfield><subfield code="a">Acquired by purchase (funds donated by Horace Rackham).</subfield><subfield code="d">1924.</subfield></datafield><datafield tag="546" ind1=" " ind2=" "><subfield code="a">Ottoman Turkish.</subfield></datafield><datafield tag="561" ind1=" " ind2=" "><subfield code="a">Inscriptions in pencil on opening leaf (p.1) "346 T. De M. [i.e. Tammaro De Marinis]" and 'title page' (p.3) "243" ; fairly clean copy.</subfield></datafield><datafield tag="630" ind1="0" ind2="0"><subfield code="a">Qurʼan</subfield><subfield code="v">Commentaries</subfield><subfield code="v">Early works to 1800.</subfield></datafield><datafield tag="630" ind1="0" ind2="0"><subfield code="a">Qurʼan.</subfield><subfield code="p">Sūrat Yāsīn</subfield><subfield code="v">Commentaries</subfield><subfield code="v">Early works to 1800.</subfield></datafield><datafield tag="650" ind1=" " ind2="0"><subfield code="a">Manuscripts, Turkish</subfield><subfield code="z">Michigan</subfield><subfield code="z">Ann Arbor.</subfield></datafield><datafield tag="655" ind1=" " ind2="7"><subfield code="a">Headpieces (layout features)</subfield><subfield code="y">18th century.</subfield><subfield code="2">aat</subfield></datafield><datafield tag="700" ind1="0" ind2=" "><subfield code="a">Abdülhamid</subfield><subfield code="b">II,</subfield><subfield code="c">Sultan of the Turks,</subfield><subfield code="d">1842-1918,</subfield><subfield code="e">former owner.</subfield></datafield><datafield tag="740" ind1="0" ind2="2"><subfield code="6">880-08</subfield><subfield code="a">Nasriye</subfield></datafield><datafield tag="740" ind1="0" ind2="2"><subfield code="6">880-07</subfield><subfield code="a">Tefsir-i Âyetü'l-Kürsî</subfield></datafield><datafield tag="773" ind1="0" ind2=" "><subfield code="a">Abdul Hamid Collection.</subfield></datafield><datafield tag="880" ind1="0" ind2="2"><subfield code="6">740-08/</subfield><subfield code="a">نصريه</subfield></datafield><datafield tag="880" ind1="0" ind2="2"><subfield code="6">740-07/</subfield><subfield code="a">تفسير آية الكرسى</subfield></datafield><datafield tag="880" ind1="1" ind2="0"><subfield code="6">245-03/</subfield><subfield code="a">[خلاصة التبيين في تفسير سورة يس ...الخ,</subfield><subfield code="f">اواخر القرن 18 او اوائل القرن 19م؟].</subfield></datafield><datafield tag="880" ind1="0" ind2=" "><subfield code="6">100-01/</subfield><subfield code="a">محمد اسعد بن ابي اسحاق اسماعيل العلائيه وى.</subfield></datafield><datafield tag="CID" ind1=" " ind2=" "><subfield code="a">006818819</subfield></datafield><datafield tag="DAT" ind1="0" ind2=" "><subfield code="a">20190719102639.0</subfield><subfield code="b">20190719000000.0</subfield></datafield><datafield tag="DAT" ind1="1" ind2=" "><subfield code="a">20190719090653.0</subfield><subfield code="b">2019-07-19T16:10:59Z</subfield></datafield><datafield tag="DAT" ind1="2" ind2=" "><subfield code="a">2015-10-10T18:00:06Z</subfield></datafield><datafield tag="CAT" ind1=" " ind2=" "><subfield code="a">SDR-MIU</subfield><subfield code="d">EX LIBRIS - ALEPH</subfield><subfield code="l">prepare.pl-004-008</subfield></datafield><datafield tag="FMT" ind1=" " ind2=" "><subfield code="a">BK</subfield></datafield><datafield tag="HOL" ind1=" " ind2=" "><subfield code="0">sdr-miu006818819</subfield><subfield code="a">MiU</subfield><subfield code="b">SDR</subfield><subfield code="c">MIU</subfield><subfield code="p">mdp.39015079130087</subfield><subfield code="s">MIU</subfield><subfield code="1">006818819</subfield></datafield><datafield tag="974" ind1=" " ind2=" "><subfield code="b">MIU</subfield><subfield code="c">MIU</subfield><subfield code="d">20190719</subfield><subfield code="s">lit-dlps-dc</subfield><subfield code="u">mdp.39015079130087</subfield><subfield code="y">1820</subfield><subfield code="r">pd</subfield><subfield code="q">bib</subfield><subfield code="t">non-US bib date2 &lt; 1896</subfield></datafield></record></collection>